@misc{ANSILex,
    title = {{ANSI C grammar (Lex)}},
    url = {https://www.quut.com/c/ANSI-C-grammar-l-2011.html}
}

@misc{ANSIYacc,
    title = {{ANSI C grammar (Yacc)}},
    url = {https://www.quut.com/c/ANSI-C-grammar-y-2011.html}
}

@misc{C99Grammars,
    title = {{C99 Lex/Flex {\&} YACC/Bison Grammars}},
    url = {https://gist.github.com/codebrainz/2933703}
}

@misc{Lex,
    title = {{Lex Yacc LLVM 編譯器期末 - GJLMoTea的創作 - 巴哈姆特}},
    url = {https://home.gamer.com.tw/creationDetail.php?sn=4043752}
}